% This file was created with JabRef 2.11.
% Encoding: Cp1252

%Book sources:
@book{RelationalDatabaseModel,
        author = {Jan Paredaens, Paul De Bra, Marc Gyssens, Dirk Van Gucht},
        title = {The Structure of the Relational Database Model},
        year = {1989},
        language = {english},
        publisher = {Springer-Verlag Berlin Heidelberg},
        isbn = {978-3-642-69958-0}
}

@book{SQLIntroduction,
        author = {James Groff, Paul Weinberg, Andrew J. Oppel},
        title = {SQL: The Complete Reference, Third Edition},
        year = {2010},
        language = {english},
        publisher = {McGraw-Hill/Osborne},
        isbn = {9780071592550}
}

@book{Benyon,
	author = {David Benyon},
	title = {Designing Interactive Systems: A Comprehensive Guide to HCI, UX and Interaction Design},
	year = {2014},
	language = {english},
	edition = {3.},
	publisher = {Pearson},,
	isbn = {978-1-4479-2011-3},
}


%Online Sources:

@online{ColourBlind,
	title = {Colour Blindness},
	url = {http://www.colourblindawareness.org/colour-blindness/},
	language = {english},
	organization = {Colour Blind Awareness},
	note = {Last visited: 2019-10-25},
}

@online{OracleWhatIsDatabase,
        title = {Database},
        url = {https://www.oracle.com/database/what-is-database.html},
        language = {english},
        organization = {Oracle},
        note = {Last visited: 2019-10-29}
}

